@InProceedings{ref1,
  author = {C. Ponikwar, H. Hof, S. Gopinath, L. Wischhof},
  title = {Beyond the Dolev-Yao Model: Realistic Application-Specific Attacker Models for Applications Using Vehicular Communication},
  booktitle = {The Tenth International Conference on Emerging Security Information, Systems and Technologies - SECURWARE},
  pages = {82–96},
  year = {2016},
  publisher = {IEEE Computer Society Press},
}
@InProceedings{ref2,
  author = {B. Blanchet},
  title = {Automatic Verification of Cryptographic Protocols: A Logic Programming Approach},
  booktitle = {Proceedings of the 5th ACM SIGPLAN International Conference on Principles and Practice of Declaritive Programming},
  pages = {1–3},
  year = {2003},
  publisher = {ACM},
}
@Article{ref3,
  author = {D. Dolev, A. Yao},
  title = {On the security of public key protocols},
  journal = {IEEE Xplore},
  year = {1983},
  volume = {29},
  pages = {198-208},
  month = {March},
  }
@Article{ref4,
  author = {G. Behrmann, A. David, and K. G. Larsen},
  title = {A Tutorial on Uppaal 4.0},
  journal = {Department of Computer Science, Aalborg University, Denmark},
  year = {2006},
  month = {November},
  
}

@Article{ref5,
  author = {J. Bengtsson and W. Yi},
  title = {Timed Automata: Semantics, Algorithms and Tools  },
  journal = {Uppsala University},
}

@InProceedings{ref6,
  author = {S. Schneider},
  title = {Verifying Authentication Protocols with CSP},
  booktitle = {PCSFW : Proceedings of The 10th Computer Security Foundations Workshop},
  journal = {IEEE Computer Society Press},
  year = {1997},
}

@Article{ref7,
  author = {M. Abadi and A. Gordon},
  title = {A Calculus for Cryptographic Protocols: The Spi Calculus},
  journal = {ScienceDirect},
  year = {1999},
  volume = {148},
  pages = {1-70},
}

@Article{ref8,
  author = {R. Milner, J. Parrow, and D. Walker.},
  title = {A calculus of mobile processes, parts I and II},
  journal = {Information and Computation},
  year = {1992},
  pages = {1-40 and 41-77},
}


@Book{ref9,
author = {EURIWARE},
title = {Livre Blanc: La sécurité des systèmes d’information industriels},
year = {2010},
}

@InProceedings{ref10,
  author = {I. cervesato, N.A. durgin, P.D. lincoln, J.C. mitchell, A. scedrov},
  title = {A meta-notation for protocol analysis},
  booktitle = {Proc. of the 12th IEEE Computer Security Foundations Workshop (CSFW’99)},
  journal = {IEEE Computer Society Press},
  year = {1999},
  pages = {55-69},
}

@Article{ref11,
  author = {R. Langner},
  title = {Stuxnet : Dissecting a cyberwarfare weapon},
  journal = {Security and Privacy, IEEE},
  year = {2011},
  pages = {49-51},
}
	
