@InProceedings{ref1,
author = {C. Ponikwar, H. Hof, S. Gopinath, L. Wischhof},
title = {Beyond the Dolev-Yao Model: Realistic Application-Specific Attacker Models for Applications Using Vehicular Communication},
booktitle = {The Tenth International Conference on Emerging Security Information, Systems and Technologies - SECURWARE},
OPTpages = {82–96},
year = {2016},
OPTmonth = {•},
OPTpublisher = {IEEE Computer Society Press},
}
@InProceedings{ref2,
author = {B. Blanchet},
title = {Automatic Verification of Cryptographic Protocols: A Logic Programming Approach},
booktitle = {Proceedings of the 5th ACM SIGPLAN International Conference on Principles and Practice of Declaritive Programming},
pages = {1–3},
year = {2003},
OPTmonth = {•},
publisher = {ACM},
}
@Article{ref3,
  author = {D. Dolev, A. Yao},
  title = {On the security of public key protocols},
  journal = {IEEE Xplore},
  year = {1983},
  OPTkey = {•},
  volume = {29},
  OPTnumber = {•},
  pages = {198-208},
  month = {March},
  OPTnote = {•},
  OPTannote = {•}
  }
@Article{ref4,
  OPTauthor = {G. Behrmann, A. David, and K. G. Larsen},
  title = {A Tutorial on Uppaal 4.0},
  journal = {Department of Computer Science, Aalborg University, Denmark},
  year = {2006},
  OPTkey = {•},
  OPTvolume = {29},
  OPTnumber = {•},
  OPTpages = {198-208},
  month = {November},
  OPTnote = {•},
  OPTannote = {•}
  }


