@InProceedings{ref1,
author = {X. Ou, S. Govindavajhala, and Andrew W. Appel},
title = {MulVAL: A Logic-based Network Security Analyzer},
booktitle = {4th USENIX Security Symposium, Baltimore, Maryland, U.S.A},
year = {2005},
month = {August},
}
@InProceedings{ref2,
author = {S. Jajodia, S. Noel, and B. O’Berry, },
title = {Topological Analysis of Network Attack Vulnerability},
booktitle = {Managing Cyber Threats: Issues, Approaches and Challenges},
pages = {248-266},
year = {2005},
publisher = {Springer US},
}

@InProceedings{ref3,
author = {Kyle Ingols, Richard Lippmann, and Keith Piwowarski},
title = {Practical Attack Graph Generation for Network Defense},
booktitle = {Computer Security Applications Conference, 2006. ACSAC '06. 22nd Annual},
pages = {121-130},
year = {2006},
publisher = {IEEE Xplore},
}
@Article{ref4,
author = {B. Schneier},
title = {Attack Trees},
journal = {Dr. Dobb's Journal},
year = {1999},
}

@MastersThesis{ref5,
author = {Michael Lyle Artz},
title = {NetSPA: A Network Security Planning Architecture},
school = {Massachusetts Institute of Technology. Dept. of Electrical Engineering and
Computer Science},
year = {2002},
}

@InProceedings{ref6,
author = {X. Ou, Wayne F. Boyer, and Miles A. McQueen},
title = {A Scalable Approach to Attack Graph Generation},
booktitle = {CCS ’06 : Proceedings of the 13th ACM conference on Computer and communications security},
pages = {336-345},
year = {2006},
publisher = {ACM Press},
}

